<?xml version="1.0" encoding="UTF-8"?>
  <record xmlns="http://www.loc.gov/MARC21/slim" type="Authority">
    <leader>00000nz  a2200000nc 4500</leader>
    <controlfield tag="001">118582143</controlfield>
    <controlfield tag="003">DE-101</controlfield>
    <controlfield tag="005">20220320164153.0</controlfield>
    <controlfield tag="008">880701n||azznnaabn           | aaa    |c</controlfield>
    <datafield tag="024" ind1="7" ind2=" ">
      <subfield code="a">118582143</subfield>
      <subfield code="0">http://d-nb.info/gnd/118582143</subfield>
      <subfield code="2">gnd</subfield>
    </datafield>
    <datafield tag="035" ind1=" " ind2=" ">
      <subfield code="a">(DE-101)118582143</subfield>
    </datafield>
    <datafield tag="035" ind1=" " ind2=" ">
      <subfield code="a">(DE-588)118582143</subfield>
    </datafield>
    <datafield tag="035" ind1=" " ind2=" ">
      <subfield code="z">(DE-588)1089927940</subfield>
    </datafield>
    <datafield tag="035" ind1=" " ind2=" ">
      <subfield code="z">(DE-588a)118582143</subfield>
      <subfield code="9">v:zg</subfield>
    </datafield>
    <datafield tag="035" ind1=" " ind2=" ">
      <subfield code="z">(DE-588a)126993874</subfield>
    </datafield>
    <datafield tag="035" ind1=" " ind2=" ">
      <subfield code="z">(DE-588a)13469709X</subfield>
    </datafield>
    <datafield tag="035" ind1=" " ind2=" ">
      <subfield code="z">(DE-588a)126993866</subfield>
    </datafield>
    <datafield tag="035" ind1=" " ind2=" ">
      <subfield code="z">(DE-588a)126243417</subfield>
    </datafield>
    <datafield tag="035" ind1=" " ind2=" ">
      <subfield code="z">(DE-101c)310387094</subfield>
    </datafield>
    <datafield tag="035" ind1=" " ind2=" ">
      <subfield code="z">(DE-588c)4039124-3</subfield>
      <subfield code="9">v:zg</subfield>
    </datafield>
    <datafield tag="040" ind1=" " ind2=" ">
      <subfield code="a">DE-101</subfield>
      <subfield code="c">DE-101</subfield>
      <subfield code="9">r:DE-101</subfield>
      <subfield code="b">ger</subfield>
      <subfield code="d">1841</subfield>
      <subfield code="e">rda</subfield>
    </datafield>
    <datafield tag="042" ind1=" " ind2=" ">
      <subfield code="a">gnd1</subfield>
    </datafield>
    <datafield tag="043" ind1=" " ind2=" ">
      <subfield code="c">XA-IT</subfield>
    </datafield>
    <datafield tag="065" ind1=" " ind2=" ">
      <subfield code="a">13.2p</subfield>
      <subfield code="2">sswd</subfield>
    </datafield>
    <datafield tag="065" ind1=" " ind2=" ">
      <subfield code="a">13.4p</subfield>
      <subfield code="2">sswd</subfield>
    </datafield>
    <datafield tag="065" ind1=" " ind2=" ">
      <subfield code="a">31.3p</subfield>
      <subfield code="2">sswd</subfield>
    </datafield>
    <datafield tag="065" ind1=" " ind2=" ">
      <subfield code="a">12.2p</subfield>
      <subfield code="2">sswd</subfield>
    </datafield>
    <datafield tag="075" ind1=" " ind2=" ">
      <subfield code="b">p</subfield>
      <subfield code="2">gndgen</subfield>
    </datafield>
    <datafield tag="075" ind1=" " ind2=" ">
      <subfield code="b">piz</subfield>
      <subfield code="2">gndspec</subfield>
    </datafield>
    <datafield tag="079" ind1=" " ind2=" ">
      <subfield code="a">g</subfield>
      <subfield code="q">f</subfield>
      <subfield code="q">s</subfield>
      <subfield code="q">z</subfield>
      <subfield code="u">v</subfield>
      <subfield code="u">w</subfield>
      <subfield code="u">k</subfield>
      <subfield code="u">m</subfield>
      <subfield code="u">o</subfield>
    </datafield>
    <datafield tag="100" ind1="0" ind2=" ">
      <subfield code="a">Michelangelo</subfield>
      <subfield code="c">Buonarroti</subfield>
      <subfield code="d">1475-1564</subfield>
    </datafield>
    <datafield tag="375" ind1=" " ind2=" ">
      <subfield code="a">1</subfield>
      <subfield code="2">iso5218</subfield>
    </datafield>
    <datafield tag="400" ind1="0" ind2=" ">
      <subfield code="9">L:fre</subfield>
      <subfield code="a">Michelangelo</subfield>
      <subfield code="c">Buonarroti, Peintre, Sculpteur, Architecte</subfield>
      <subfield code="d">1475-1564</subfield>
      <subfield code="5">CH-GND</subfield>
    </datafield>
    <datafield tag="400" ind1="0" ind2=" ">
      <subfield code="9">L:eng</subfield>
      <subfield code="a">Michelangelo</subfield>
      <subfield code="c">Buonarroti, Painter, Sculptor, Master builder</subfield>
      <subfield code="d">1475-1564</subfield>
      <subfield code="5">CH-GND</subfield>
    </datafield>
    <datafield tag="400" ind1="0" ind2=" ">
      <subfield code="a">Angelo</subfield>
      <subfield code="c">Bonaroti</subfield>
      <subfield code="d">1475-1564</subfield>
    </datafield>
    <datafield tag="400" ind1="1" ind2=" ">
      <subfield code="a">Bona Rotta, Michiel Angielo</subfield>
      <subfield code="d">1475-1564</subfield>
    </datafield>
    <datafield tag="400" ind1="1" ind2=" ">
      <subfield code="a">Bonarota, Michel Angelo</subfield>
      <subfield code="d">1475-1564</subfield>
    </datafield>
    <datafield tag="400" ind1="1" ind2=" ">
      <subfield code="a">Bonarota, Michael Angelus</subfield>
      <subfield code="d">1475-1564</subfield>
    </datafield>
    <datafield tag="400" ind1="1" ind2=" ">
      <subfield code="a">Bonaroti, Angelo</subfield>
      <subfield code="d">1475-1564</subfield>
    </datafield>
    <datafield tag="400" ind1="1" ind2=" ">
      <subfield code="a">Bonaroti, Michael̈ Angelo</subfield>
      <subfield code="d">1475-1564</subfield>
    </datafield>
    <datafield tag="400" ind1="1" ind2=" ">
      <subfield code="a">Bonaroti, Michel Angelo</subfield>
      <subfield code="d">1475-1564</subfield>
    </datafield>
    <datafield tag="400" ind1="1" ind2=" ">
      <subfield code="a">Bonaroti, Michiel Angelo</subfield>
      <subfield code="d">1475-1564</subfield>
    </datafield>
    <datafield tag="400" ind1="1" ind2=" ">
      <subfield code="a">Bonarotus, Michael Angelus</subfield>
      <subfield code="d">1475-1564</subfield>
    </datafield>
    <datafield tag="400" ind1="1" ind2=" ">
      <subfield code="a">Buonaroti, Michael Angelo</subfield>
      <subfield code="d">1475-1564</subfield>
    </datafield>
    <datafield tag="400" ind1="1" ind2=" ">
      <subfield code="a">Buonaroti, Michelangelo</subfield>
      <subfield code="d">1475-1564</subfield>
    </datafield>
    <datafield tag="400" ind1="1" ind2=" ">
      <subfield code="a">Buonaroti, Michiel Angelo</subfield>
      <subfield code="d">1475-1564</subfield>
    </datafield>
    <datafield tag="400" ind1="1" ind2=" ">
      <subfield code="a">Buonarotti, Michel-Angelo</subfield>
      <subfield code="d">1475-1564</subfield>
    </datafield>
    <datafield tag="400" ind1="1" ind2=" ">
      <subfield code="a">Buonarotti, Michelangelo</subfield>
      <subfield code="d">1475-1564</subfield>
    </datafield>
    <datafield tag="400" ind1="1" ind2=" ">
      <subfield code="a">Buonarroti, Michel Angelo</subfield>
      <subfield code="d">1475-1564</subfield>
    </datafield>
    <datafield tag="400" ind1="1" ind2=" ">
      <subfield code="a">Buonarroti, Michelagniolo di L.</subfield>
      <subfield code="d">1475-1564</subfield>
    </datafield>
    <datafield tag="400" ind1="1" ind2=" ">
      <subfield code="a">Buonarroti, Michelagnolo</subfield>
      <subfield code="d">1475-1564</subfield>
    </datafield>
    <datafield tag="400" ind1="1" ind2=" ">
      <subfield code="a">Buonarroti, Mikelandželo</subfield>
      <subfield code="d">1475-1564</subfield>
    </datafield>
    <datafield tag="400" ind1="1" ind2=" ">
      <subfield code="a">Buonarrotti, Michel Agnolo</subfield>
      <subfield code="d">1475-1564</subfield>
    </datafield>
    <datafield tag="400" ind1="1" ind2=" ">
      <subfield code="a">Buonarrotti, Michel A.</subfield>
      <subfield code="d">1475-1564</subfield>
    </datafield>
    <datafield tag="400" ind1="1" ind2=" ">
      <subfield code="a">Buonarrotti, Michelangelo</subfield>
      <subfield code="d">1475-1564</subfield>
    </datafield>
    <datafield tag="400" ind1="1" ind2=" ">
      <subfield code="a">Buonarrotti, Michelangiolo</subfield>
      <subfield code="d">1475-1564</subfield>
    </datafield>
    <datafield tag="400" ind1="0" ind2=" ">
      <subfield code="a">Michael Angelo</subfield>
      <subfield code="c">Buonaroti</subfield>
      <subfield code="d">1475-1564</subfield>
    </datafield>
    <datafield tag="400" ind1="0" ind2=" ">
      <subfield code="a">Michael Angelus</subfield>
      <subfield code="c">Bonarotus</subfield>
      <subfield code="d">1475-1564</subfield>
    </datafield>
    <datafield tag="400" ind1="0" ind2=" ">
      <subfield code="a">Michel Angelo</subfield>
      <subfield code="c">Bonaroti</subfield>
      <subfield code="d">1475-1564</subfield>
    </datafield>
    <datafield tag="400" ind1="0" ind2=" ">
      <subfield code="a">Michel Angelo</subfield>
      <subfield code="c">Buonaroti</subfield>
      <subfield code="d">1475-1564</subfield>
    </datafield>
    <datafield tag="400" ind1="0" ind2=" ">
      <subfield code="a">Michelagelo</subfield>
      <subfield code="c">Buonarroti</subfield>
      <subfield code="d">1475-1564</subfield>
    </datafield>
    <datafield tag="400" ind1="0" ind2=" ">
      <subfield code="a">Michelagniolo</subfield>
      <subfield code="c">Buonaroti</subfield>
      <subfield code="d">1475-1564</subfield>
    </datafield>
    <datafield tag="400" ind1="0" ind2=" ">
      <subfield code="a">Michelagniolo</subfield>
      <subfield code="c">Buonarroti</subfield>
      <subfield code="d">1475-1564</subfield>
    </datafield>
    <datafield tag="400" ind1="0" ind2=" ">
      <subfield code="a">Michelagniolo</subfield>
      <subfield code="c">di Ludovico di Lionardo Buonarroti-Simoni</subfield>
      <subfield code="d">1475-1564</subfield>
    </datafield>
    <datafield tag="400" ind1="0" ind2=" ">
      <subfield code="a">Michelagnolo</subfield>
      <subfield code="d">1475-1564</subfield>
    </datafield>
    <datafield tag="400" ind1="0" ind2=" ">
      <subfield code="a">Michel-Ange</subfield>
      <subfield code="d">1475-1564</subfield>
      <subfield code="9">v:RAMEAU</subfield>
    </datafield>
    <datafield tag="400" ind1="0" ind2=" ">
      <subfield code="a">Michel-Ange</subfield>
      <subfield code="c">Buonarroti</subfield>
      <subfield code="d">1475-1564</subfield>
    </datafield>
    <datafield tag="400" ind1="0" ind2=" ">
      <subfield code="a">Michel-Ange</subfield>
      <subfield code="c">Buonaroti</subfield>
      <subfield code="d">1475-1564</subfield>
    </datafield>
    <datafield tag="400" ind1="0" ind2=" ">
      <subfield code="a">Michelangelo</subfield>
      <subfield code="c">Buonaroti</subfield>
      <subfield code="d">1475-1564</subfield>
    </datafield>
    <datafield tag="400" ind1="0" ind2=" ">
      <subfield code="a">Michelangelo</subfield>
      <subfield code="c">Buonarotti</subfield>
      <subfield code="d">1475-1564</subfield>
    </datafield>
    <datafield tag="400" ind1="0" ind2=" ">
      <subfield code="a">Michelangelo Buonarroti</subfield>
      <subfield code="d">1475-1564</subfield>
    </datafield>
    <datafield tag="400" ind1="0" ind2=" ">
      <subfield code="a">Michelangelus</subfield>
      <subfield code="d">1475-1564</subfield>
    </datafield>
    <datafield tag="400" ind1="0" ind2=" ">
      <subfield code="a">Michelangiolo</subfield>
      <subfield code="d">1475-1564</subfield>
    </datafield>
    <datafield tag="400" ind1="0" ind2=" ">
      <subfield code="a">Michelangiolo</subfield>
      <subfield code="c">Buonarroti</subfield>
      <subfield code="d">1475-1564</subfield>
    </datafield>
    <datafield tag="400" ind1="0" ind2=" ">
      <subfield code="a">Michelangiolo</subfield>
      <subfield code="c">Buonarrotti</subfield>
      <subfield code="d">1475-1564</subfield>
    </datafield>
    <datafield tag="400" ind1="0" ind2=" ">
      <subfield code="a">Michiel Angelo</subfield>
      <subfield code="c">Bonaroti</subfield>
      <subfield code="d">1475-1564</subfield>
    </datafield>
    <datafield tag="400" ind1="0" ind2=" ">
      <subfield code="a">Michiel Angelo</subfield>
      <subfield code="c">Buonaroti</subfield>
      <subfield code="d">1475-1564</subfield>
    </datafield>
    <datafield tag="400" ind1="0" ind2=" ">
      <subfield code="a">Michiel Angielo</subfield>
      <subfield code="c">Bona Rotta</subfield>
      <subfield code="d">1475-1564</subfield>
    </datafield>
    <datafield tag="400" ind1="0" ind2=" ">
      <subfield code="a">Mikelandelo</subfield>
      <subfield code="d">1475-1564</subfield>
    </datafield>
    <datafield tag="400" ind1="0" ind2=" ">
      <subfield code="a">Mikel'andželo</subfield>
      <subfield code="d">1475-1564</subfield>
    </datafield>
    <datafield tag="400" ind1="0" ind2=" ">
      <subfield code="a">Mikelandželo</subfield>
      <subfield code="c">Buonarroti</subfield>
      <subfield code="d">1475-1564</subfield>
      <subfield code="9">v:Sowj. Enz.</subfield>
    </datafield>
    <datafield tag="400" ind1="0" ind2=" ">
      <subfield code="a">L'Impastato</subfield>
      <subfield code="d">1475-1564</subfield>
    </datafield>
    <datafield tag="400" ind1="0" ind2=" ">
      <subfield code="a">Impastato</subfield>
      <subfield code="d">1475-1564</subfield>
    </datafield>
    <datafield tag="400" ind1="0" ind2=" ">
      <subfield code="a">L'Impostato</subfield>
      <subfield code="d">1475-1564</subfield>
    </datafield>
    <datafield tag="400" ind1="0" ind2=" ">
      <subfield code="a">Impostato</subfield>
      <subfield code="d">1475-1564</subfield>
    </datafield>
    <datafield tag="400" ind1="1" ind2=" ">
      <subfield code="a">Impostato, L'</subfield>
      <subfield code="d">1475-1564</subfield>
    </datafield>
    <datafield tag="400" ind1="1" ind2=" ">
      <subfield code="a">Impastato, L'</subfield>
      <subfield code="d">1475-1564</subfield>
    </datafield>
    <datafield tag="400" ind1="0" ind2=" ">
      <subfield code="a">Michał Anioł</subfield>
      <subfield code="d">1475-1564</subfield>
    </datafield>
    <datafield tag="400" ind1="1" ind2=" ">
      <subfield code="a">Buonarroti, Michelagniolo</subfield>
      <subfield code="d">1475-1564</subfield>
    </datafield>
    <datafield tag="400" ind1="1" ind2=" ">
      <subfield code="a">Buonarroti, Michelangelo</subfield>
      <subfield code="d">1475-1564</subfield>
    </datafield>
    <datafield tag="400" ind1="1" ind2=" ">
      <subfield code="a">Buonarroti, Michelangiolo</subfield>
      <subfield code="d">1475-1564</subfield>
    </datafield>
    <datafield tag="400" ind1="0" ind2=" ">
      <subfield code="a">Michelangelo</subfield>
      <subfield code="d">1475-1564</subfield>
    </datafield>
    <datafield tag="400" ind1="1" ind2=" ">
      <subfield code="a">Anioł, Michał</subfield>
      <subfield code="d">1475-1564</subfield>
    </datafield>
    <datafield tag="400" ind1="1" ind2=" ">
      <subfield code="a">Buonarroti, Michelangelo</subfield>
      <subfield code="c">Painter, Sculptor, Master builder</subfield>
      <subfield code="d">1475-1564</subfield>
    </datafield>
    <datafield tag="400" ind1="0" ind2=" ">
      <subfield code="a">Michel Ange</subfield>
      <subfield code="c">Maler, Bildhauer, Baumeister</subfield>
      <subfield code="d">1475-1564</subfield>
    </datafield>
    <datafield tag="400" ind1="0" ind2=" ">
      <subfield code="a">Michel Ange</subfield>
      <subfield code="c">Peintre, Sculpteur, Architecte</subfield>
      <subfield code="d">1475-1564</subfield>
    </datafield>
    <datafield tag="400" ind1="0" ind2=" ">
      <subfield code="a">Michel Ange</subfield>
      <subfield code="c">Painter, Sculptor, Master builder</subfield>
      <subfield code="d">1475-1564</subfield>
    </datafield>
    <datafield tag="400" ind1="0" ind2=" ">
      <subfield code="a">Michelangelo</subfield>
      <subfield code="c">Maler, Bildhauer, Baumeister</subfield>
      <subfield code="d">1475-1564</subfield>
    </datafield>
    <datafield tag="400" ind1="0" ind2=" ">
      <subfield code="a">Michelangelo</subfield>
      <subfield code="c">Peintre, Sculpteur, Architecte</subfield>
      <subfield code="d">1475-1564</subfield>
    </datafield>
    <datafield tag="400" ind1="0" ind2=" ">
      <subfield code="a">Michelangelo</subfield>
      <subfield code="c">Painter, Sculptor, Master builder</subfield>
      <subfield code="d">1475-1564</subfield>
    </datafield>
    <datafield tag="400" ind1="0" ind2=" ">
      <subfield code="a">Michelangelo</subfield>
      <subfield code="c">Buonarrotti, Maler, Bildhauer, Baumeister</subfield>
      <subfield code="d">1475-1564</subfield>
    </datafield>
    <datafield tag="400" ind1="0" ind2=" ">
      <subfield code="a">Michelangelo</subfield>
      <subfield code="c">Buonarrotti, Peintre, Sculpteur, Architecte</subfield>
      <subfield code="d">1475-1564</subfield>
    </datafield>
    <datafield tag="400" ind1="0" ind2=" ">
      <subfield code="a">Michelangelo</subfield>
      <subfield code="c">Buonarrotti, Painter, Sculptor, Master builder</subfield>
      <subfield code="d">1475-1564</subfield>
    </datafield>
    <datafield tag="400" ind1="0" ind2=" ">
      <subfield code="a">Michelangiolo</subfield>
      <subfield code="c">Buonarroti, Maler, Bildhauer, Baumeister</subfield>
      <subfield code="d">1475-1564</subfield>
    </datafield>
    <datafield tag="400" ind1="0" ind2=" ">
      <subfield code="a">Michelangiolo</subfield>
      <subfield code="c">Buonarroti, Peintre, Sculpteur, Architecte</subfield>
      <subfield code="d">1475-1564</subfield>
    </datafield>
    <datafield tag="400" ind1="0" ind2=" ">
      <subfield code="a">Michelangiolo</subfield>
      <subfield code="c">Buonarroti, Painter, Sculptor, Master builder</subfield>
      <subfield code="d">1475-1564</subfield>
    </datafield>
    <datafield tag="400" ind1="0" ind2=" ">
      <subfield code="a">Michelagniolo</subfield>
      <subfield code="c">Buonarroti, Maler, Bildhauer, Baumeister</subfield>
      <subfield code="d">1475-1564</subfield>
    </datafield>
    <datafield tag="400" ind1="0" ind2=" ">
      <subfield code="a">Michelagniolo</subfield>
      <subfield code="c">Buonarroti, Peintre, Sculpteur, Architecte</subfield>
      <subfield code="d">1475-1564</subfield>
    </datafield>
    <datafield tag="400" ind1="0" ind2=" ">
      <subfield code="a">Michelagniolo</subfield>
      <subfield code="c">Buonarroti, Painter, Sculptor, Master builder</subfield>
      <subfield code="d">1475-1564</subfield>
    </datafield>
    <datafield tag="400" ind1="0" ind2=" ">
      <subfield code="a">Michelagnolo</subfield>
      <subfield code="c">Buonarrotti, Maler, Bildhauer, Baumeister</subfield>
      <subfield code="d">1475-1564</subfield>
    </datafield>
    <datafield tag="400" ind1="0" ind2=" ">
      <subfield code="a">Michelagnolo</subfield>
      <subfield code="c">Buonarrotti, Peintre, Sculpteur, Architecte</subfield>
      <subfield code="d">1475-1564</subfield>
    </datafield>
    <datafield tag="400" ind1="0" ind2=" ">
      <subfield code="a">Michelagnolo</subfield>
      <subfield code="c">Buonarrotti, Painter, Sculptor, Master builder</subfield>
      <subfield code="d">1475-1564</subfield>
    </datafield>
    <datafield tag="400" ind1="1" ind2=" ">
      <subfield code="a">Buonarotti, Michel Angelo</subfield>
      <subfield code="c">Maler, Bildhauer, Baumeister</subfield>
      <subfield code="d">1475-1564</subfield>
    </datafield>
    <datafield tag="400" ind1="1" ind2=" ">
      <subfield code="a">Buonarotti, Michel Angelo</subfield>
      <subfield code="c">Peintre, Sculpteur, Architecte</subfield>
      <subfield code="d">1475-1564</subfield>
    </datafield>
    <datafield tag="400" ind1="1" ind2=" ">
      <subfield code="a">Buonarotti, Michel Angelo</subfield>
      <subfield code="c">Painter, Sculptor, Master builder</subfield>
      <subfield code="d">1475-1564</subfield>
    </datafield>
    <datafield tag="400" ind1="1" ind2=" ">
      <subfield code="a">Buonarotti, Michelagnolo</subfield>
      <subfield code="c">Maler, Bildhauer, Baumeister</subfield>
      <subfield code="d">1475-1564</subfield>
    </datafield>
    <datafield tag="400" ind1="1" ind2=" ">
      <subfield code="a">Buonarotti, Michelagnolo</subfield>
      <subfield code="c">Peintre, Sculpteur, Architecte</subfield>
      <subfield code="d">1475-1564</subfield>
    </datafield>
    <datafield tag="400" ind1="1" ind2=" ">
      <subfield code="a">Buonarotti, Michelagnolo</subfield>
      <subfield code="c">Painter, Sculptor, Master builder</subfield>
      <subfield code="d">1475-1564</subfield>
    </datafield>
    <datafield tag="400" ind1="0" ind2=" ">
      <subfield code="a">Michelangiolo</subfield>
      <subfield code="c">Maler, Bildhauer, Baumeister</subfield>
      <subfield code="d">1475-1564</subfield>
    </datafield>
    <datafield tag="400" ind1="0" ind2=" ">
      <subfield code="a">Michelangiolo</subfield>
      <subfield code="c">Peintre, Sculpteur, Architecte</subfield>
      <subfield code="d">1475-1564</subfield>
    </datafield>
    <datafield tag="400" ind1="0" ind2=" ">
      <subfield code="a">Michelangiolo</subfield>
      <subfield code="c">Painter, Sculptor, Master builder</subfield>
      <subfield code="d">1475-1564</subfield>
    </datafield>
    <datafield tag="400" ind1="1" ind2=" ">
      <subfield code="a">Buonarroti, Michelangelo</subfield>
      <subfield code="c">Peintre, Sculpteur, Architecte</subfield>
      <subfield code="d">1475-1564</subfield>
    </datafield>
    <datafield tag="400" ind1="1" ind2=" ">
      <subfield code="a">Buonarroti, Michelangelo</subfield>
      <subfield code="c">Maler, Bildhauer, Baumeister</subfield>
      <subfield code="d">1475-1564</subfield>
    </datafield>
    <datafield tag="400" ind1="0" ind2=" ">
      <subfield code="a">Michelangelo</subfield>
      <subfield code="c">Buonarroti, Maler, Bildhauer, Baumeister</subfield>
      <subfield code="d">1475-1564</subfield>
    </datafield>
    <datafield tag="500" ind1="1" ind2=" ">
      <subfield code="a">Buonarroti, Ludovico de Leonardo Simone</subfield>
      <subfield code="4">bezf</subfield>
      <subfield code="4">https://d-nb.info/standards/elementset/gnd#familialRelationship</subfield>
      <subfield code="w">r</subfield>
      <subfield code="i">Beziehung familiaer</subfield>
      <subfield code="e">Beziehung familiaer</subfield>
      <subfield code="9">v:Vater</subfield>
    </datafield>
    <datafield tag="548" ind1=" " ind2=" ">
      <subfield code="a">06.03.1475-27.02.1564</subfield>
      <subfield code="4">datx</subfield>
      <subfield code="4">https://d-nb.info/standards/elementset/gnd#dateOfBirthAndDeath</subfield>
      <subfield code="w">r</subfield>
      <subfield code="i">Exakte Lebensdaten</subfield>
      <subfield code="9">v:Sterbetag auch 18.02.1564 (Wikipedia)</subfield>
    </datafield>
    <datafield tag="548" ind1=" " ind2=" ">
      <subfield code="a">1475-1564</subfield>
      <subfield code="4">datl</subfield>
      <subfield code="4">https://d-nb.info/standards/elementset/gnd#dateOfBirthAndDeath</subfield>
      <subfield code="w">r</subfield>
      <subfield code="i">Lebensdaten</subfield>
      <subfield code="9">v:anderslautende Lebensdaten: 1474-1563</subfield>
    </datafield>
    <datafield tag="550" ind1=" " ind2=" ">
      <subfield code="0">(DE-101)040334236</subfield>
      <subfield code="0">(DE-588)4033423-5</subfield>
      <subfield code="0">https://d-nb.info/gnd/4033423-5</subfield>
      <subfield code="a">Künstler</subfield>
      <subfield code="4">berc</subfield>
      <subfield code="4">https://d-nb.info/standards/elementset/gnd#professionOrOccupation</subfield>
      <subfield code="w">r</subfield>
      <subfield code="i">Charakteristischer Beruf</subfield>
    </datafield>
    <datafield tag="550" ind1=" " ind2=" ">
      <subfield code="0">(DE-101)041395506</subfield>
      <subfield code="0">(DE-588)4139550-5</subfield>
      <subfield code="0">https://d-nb.info/gnd/4139550-5</subfield>
      <subfield code="a">Bildhauer</subfield>
      <subfield code="4">beru</subfield>
      <subfield code="4">https://d-nb.info/standards/elementset/gnd#professionOrOccupation</subfield>
      <subfield code="w">r</subfield>
      <subfield code="i">Beruf</subfield>
    </datafield>
    <datafield tag="550" ind1=" " ind2=" ">
      <subfield code="0">(DE-101)040372154</subfield>
      <subfield code="0">(DE-588)4037215-7</subfield>
      <subfield code="0">https://d-nb.info/gnd/4037215-7</subfield>
      <subfield code="a">Maler</subfield>
      <subfield code="4">beru</subfield>
      <subfield code="4">https://d-nb.info/standards/elementset/gnd#professionOrOccupation</subfield>
      <subfield code="w">r</subfield>
      <subfield code="i">Beruf</subfield>
    </datafield>
    <datafield tag="550" ind1=" " ind2=" ">
      <subfield code="0">(DE-101)040028445</subfield>
      <subfield code="0">(DE-588)4002844-6</subfield>
      <subfield code="0">https://d-nb.info/gnd/4002844-6</subfield>
      <subfield code="a">Architekt</subfield>
      <subfield code="4">beru</subfield>
      <subfield code="4">https://d-nb.info/standards/elementset/gnd#professionOrOccupation</subfield>
      <subfield code="w">r</subfield>
      <subfield code="i">Beruf</subfield>
    </datafield>
    <datafield tag="550" ind1=" " ind2=" ">
      <subfield code="0">(DE-101)040533093</subfield>
      <subfield code="0">(DE-588)4053309-8</subfield>
      <subfield code="0">https://d-nb.info/gnd/4053309-8</subfield>
      <subfield code="a">Schriftsteller</subfield>
      <subfield code="4">beru</subfield>
      <subfield code="4">https://d-nb.info/standards/elementset/gnd#professionOrOccupation</subfield>
      <subfield code="w">r</subfield>
      <subfield code="i">Beruf</subfield>
    </datafield>
    <datafield tag="550" ind1=" " ind2=" ">
      <subfield code="0">(DE-101)041683919</subfield>
      <subfield code="0">(DE-588)4168391-2</subfield>
      <subfield code="0">https://d-nb.info/gnd/4168391-2</subfield>
      <subfield code="a">Lyriker</subfield>
      <subfield code="4">beru</subfield>
      <subfield code="4">https://d-nb.info/standards/elementset/gnd#professionOrOccupation</subfield>
      <subfield code="w">r</subfield>
      <subfield code="i">Beruf</subfield>
    </datafield>
    <datafield tag="551" ind1=" " ind2=" ">
      <subfield code="0">(DE-101)971970483</subfield>
      <subfield code="0">(DE-588)4789884-7</subfield>
      <subfield code="0">https://d-nb.info/gnd/4789884-7</subfield>
      <subfield code="a">Caprese Michelangelo</subfield>
      <subfield code="4">ortg</subfield>
      <subfield code="4">https://d-nb.info/standards/elementset/gnd#placeOfBirth</subfield>
      <subfield code="w">r</subfield>
      <subfield code="i">Geburtsort</subfield>
    </datafield>
    <datafield tag="551" ind1=" " ind2=" ">
      <subfield code="0">(DE-101)040504719</subfield>
      <subfield code="0">(DE-588)4050471-2</subfield>
      <subfield code="0">https://d-nb.info/gnd/4050471-2</subfield>
      <subfield code="a">Rom</subfield>
      <subfield code="4">orts</subfield>
      <subfield code="4">https://d-nb.info/standards/elementset/gnd#placeOfDeath</subfield>
      <subfield code="w">r</subfield>
      <subfield code="i">Sterbeort</subfield>
    </datafield>
    <datafield tag="667" ind1=" " ind2=" ">
      <subfield code="a">VD-17</subfield>
    </datafield>
    <datafield tag="667" ind1=" " ind2=" ">
      <subfield code="a">**Achtung: nicht zu verwechseln mit Michaelangelo Buonarroti dem Schriftsteller (1568-1646), Verf. von Komödien</subfield>
    </datafield>
    <datafield tag="667" ind1=" " ind2=" ">
      <subfield code="a">Quelle: DNB-Normdaten</subfield>
    </datafield>
    <datafield tag="670" ind1=" " ind2=" ">
      <subfield code="a">M; Thieme-Becker; LUI; LCAuth; DMA</subfield>
    </datafield>
    <datafield tag="670" ind1=" " ind2=" ">
      <subfield code="a">LCAuth/PND</subfield>
    </datafield>
    <datafield tag="672" ind1=" " ind2="0">
      <subfield code="a">Die Dichtungen</subfield>
      <subfield code="f">1897</subfield>
    </datafield>
    <datafield tag="672" ind1=" " ind2="0">
      <subfield code="a">Dichtungen</subfield>
      <subfield code="f">1914</subfield>
    </datafield>
    <datafield tag="672" ind1=" " ind2="0">
      <subfield code="a">Gedichte</subfield>
      <subfield code="f">1868</subfield>
    </datafield>
    <datafield tag="672" ind1=" " ind2="0">
      <subfield code="a">Die Gedichte</subfield>
      <subfield code="f">1896</subfield>
    </datafield>
    <datafield tag="672" ind1=" " ind2="0">
      <subfield code="a">Rime</subfield>
      <subfield code="f">1821</subfield>
    </datafield>
    <datafield tag="672" ind1=" " ind2="0">
      <subfield code="a">Rime</subfield>
      <subfield code="f">1863</subfield>
    </datafield>
    <datafield tag="672" ind1=" " ind2="0">
      <subfield code="a">Sämtliche Gedichte</subfield>
      <subfield code="f">1875</subfield>
    </datafield>
    <datafield tag="700" ind1="0" ind2="7">
      <subfield code="a">Michelangelo Buonarroti</subfield>
      <subfield code="d">1475-1564</subfield>
      <subfield code="2">naf</subfield>
      <subfield code="9">v:1475-1564</subfield>
    </datafield>
    <datafield tag="912" ind1=" " ind2=" ">
      <subfield code="z">2022-01-21</subfield>
      <subfield code="b">a-CH-SgUB e-xCH-ChKBLR e-CH-AaAKBLR e-LI-VaLIL FLLB e-DE-634-FE  e-DE-Y3-FE e-AT-NOELB</subfield>
      <subfield code="a">Der dublette Datensatz !1089927940! wurde hierher umgelenkt. Bitte prüfen Sie, ob Sie Verknüpfungen haben, die stattdessen zu !115428364! (Buonarroti, Michelangelo 1568-1646) gehören und verknüpfen Sie diese um.</subfield>
    </datafield>
    <datafield tag="913" ind1=" " ind2=" ">
      <subfield code="S">pnd</subfield>
      <subfield code="i">5</subfield>
      <subfield code="a">Michelangelo &lt;Buonarroti&gt;</subfield>
      <subfield code="0">(DE-588a)118582143</subfield>
    </datafield>
  </record>
